@article{pathan2007taxonomy,
  title={A taxonomy and survey of content delivery networks},
  author={Pathan, Al-Mukaddim Khan and Buyya, Rajkumar},
  journal={Grid Computing and Distributed Systems Laboratory, University of Melbourne, Technical Report},
  volume={4},
  year={2007}
}