@article{pathan2007taxonomy,
  title={A taxonomy and survey of content delivery networks},
  author={Pathan, Al-Mukaddim Khan and Buyya, Rajkumar},
  journal={Grid Computing and Distributed Systems Laboratory, University of Melbourne, Technical Report},
  volume={4},
  year={2007}
}
@article{choi2011survey,
  title={A survey on content-oriented networking for efficient content delivery},
  author={Choi, Jaeyoung and Han, Jinyoung and Cho, Eunsang and Kwon, Ted and Choi, Yanghee},
  journal={IEEE Communications Magazine},
  volume={49},
  number={3},
  year={2011},
  publisher={IEEE}
}
@inproceedings{misra2013secure,
  title={Secure content delivery in information-centric networks: Design, implementation, and analyses},
  author={Misra, Satyajayant and Tourani, Reza and Majd, Nahid Ebrahimi},
  booktitle={Proceedings of the 3rd ACM SIGCOMM Workshop on Information-centric Networking},
  pages={73--78},
  year={2013},
  organization={ACM}
}
@inproceedings{krishnamurthy2001use,
  title={On the use and performance of content distribution networks},
  author={Krishnamurthy, Balachander and Wills, Craig and Zhang, Yin},
  booktitle={Proceedings of the 1st ACM SIGCOMM Workshop on Internet Measurement},
  pages={169--182},
  year={2001},
  organization={ACM}
}
@misc{garfinkle1996video,
  title={Video on demand},
  author={Garfinkle, Norton},
  year={1996},
  month=jun # "~25",
  publisher={Google Patents},
  note={US Patent 5,530,754}
}
@article{zambelli2009iis,
  title={IIS smooth streaming technical overview},
  author={Zambelli, Alex},
  journal={Microsoft Corporation},
  volume={3},
  pages={40},
  year={2009}
}
@article{metz1999aaa,
  title={AAA protocols: authentication, authorization, and accounting for the Internet},
  author={Metz, Christopher},
  journal={IEEE Internet Computing},
  volume={3},
  number={6},
  pages={75--79},
  year={1999},
  publisher={IEEE}
}
@article{o2003comparing,
  title={Comparing passwords, tokens, and biometrics for user authentication},
  author={O'Gorman, Lawrence},
  journal={Proceedings of the IEEE},
  volume={91},
  number={12},
  pages={2021--2040},
  year={2003},
  publisher={IEEE}
}
@article{hsiang2009improvement,
  title={Improvement of the secure dynamic ID based remote user authentication scheme for multi-server environment},
  author={Hsiang, Han-Cheng and Shih, Wei-Kuan},
  journal={Computer Standards \& Interfaces},
  volume={31},
  number={6},
  pages={1118--1123},
  year={2009},
  publisher={Elsevier}
}

@incollection{ferreira2004novo,
  title={Novo dicion{\'a}rio Aur{\'e}lio da l{\'\i}ngua portuguesa},
  author={Ferreira, Aur{\'e}lio Buarque de Holanda},
  booktitle={Novo dicion{\'a}rio Aur{\'e}lio da l{\'\i}ngua portuguesa},
  year={2004}
}
@book{stallings1995network,
  title={Network and internetwork security: principles and practice},
  author={Stallings, William},
  volume={1},
  year={1995},
  publisher={Prentice Hall Englewood Cliffs}
}